%dataset
@misc{kaggleCostaRican,
	author = {},
	title = {{C}osta {R}ican {H}ousehold {P}overty {L}evel {P}rediction},
	howpublished = {\url{https://www.kaggle.com/c/costa-rican-household-poverty-prediction}},
	year = {},
}

%class weight
%@misc{analyticsvidhyaDealingWith,
%	author = {},
%	title = {{H}ow {T}o {D}ealing {W}ith {I}mbalanced {C}lasses in {M}achine {L}earning},
%	howpublished = {\url{https://www.analyticsvidhya.com/blog/2020/10/improve-class-imbalance-class-weights/}},
%	year = {},
}
%
%class weight
%@misc{vitalfluxHandleClass,
%	title = {{H}andle {C}lass {I}mbalance using {C}lass {W}eight - {P}ython - {D}ata {A}nalytics},
%	howpublished = {\url{https://vitalflux.com/class-imbalance-class-weight-python-sklearn/}},
%	year = {},}

%class weight
@misc{tensorflowClassificazioneDati,
	title = {{C}lassificazione su dati sbilanciati | {T}ensor{F}low {C}ore},
	howpublished = {\url{https://www.tensorflow.org/tutorials/structured_data/imbalanced_data}},
}

%class weight
@misc{kerasKerasDocumentation,
	title = {{K}eras documentation: {T}raining & evaluation with the built-in methods},
	howpublished = {\url{https://keras.io/guides/training_with_built_in_methods/#class-weights}},
	year = {},
}




%early stopping
@misc{machinelearningmasteryEarlyStopping,
	title = {{U}se {E}arly {S}topping to {H}alt the {T}raining of {N}eural {N}etworks {A}t the {R}ight {T}ime},
	year = {},
	howpublished = {\url{https://machinelearningmastery.com/how-to-stop-training-deep-neural-networks-at-the-right-time-using-early-stopping/}}
}

%famd
@misc{famd,
	title = {{F}actor {A}nalysis of {M}ixed {D}ata},
	howpublished = {\url{https://towardsdatascience.com/factor-analysis-of-mixed-data-5ad5ce98663c}},
	year = {}
}
